@Article{Met78,
	Author = "Metz, Charles E.",
	Title = "Basic principles of {ROC} analysis",
	Journal = "{S}eminars in {N}uclear {M}edicine",
	Volume = 8,
	Pages = "283--298",
	year = 1978
}
